@article{doersch2016tutorial,
  title={Tutorial on variational autoencoders. arXiv 2016},
  author={Doersch, Carl},
  journal={arXiv preprint arXiv:1606.05908},
  year={2016}
}
