@article{kingma2019method,
	title={A method for stochastic optimization. arXiv 2014},
	author={Kingma, Diederik P and Ba, J Adam},
	journal={arXiv preprint arXiv:1412.6980},
	volume={434},
	year={2019}
}
@article{ioffe2015batch,
	title={Batch normalization: Accelerating deep network training by reducing internal covariate shift},
	author={Ioffe, Sergey and Szegedy, Christian},
	journal={arXiv preprint arXiv:1502.03167},
	year={2015}
}
@article{ba2016layer,
	title={Layer normalization},
	author={Ba, Jimmy Lei and Kiros, Jamie Ryan and Hinton, Geoffrey E},
	journal={arXiv preprint arXiv:1607.06450},
	year={2016}
}

